% 31708961 
@Article{Torroja2019,
   Author="Torroja, C.  and Sanchez-Cabo, F. ",
   Title="{{D}igitaldlsorter: {D}eep-{L}earning on sc{R}{N}{A}-{S}eq to deconvolute gene expression data}",
   Journal="Front Genet",
   Year="2019",
   Volume="10",
   Pages="978",
   Month="oct.",
   Note={doi: \href{https://dx.doi.org/10.3389/fgene.2019.00978}{10.3389/fgene.2019.00978}}
}

% 28474673 
@Article{Chung2017,
   Author="Chung, W.  and Eum, H. H.  and Lee, H. O.  and Lee, K. M.  and Lee, H. B.  and Kim, K. T.  and Ryu, H. S.  and Kim, S.  and Lee, J. E.  and Park, Y. H.  and Kan, Z.  and Han, W.  and Park, W. Y. ",
   Title="{{S}ingle-cell {R}{N}{A}-seq enables comprehensive tumour and immune cell profiling in primary breast cancer}",
   Journal="Nat Commun",
   Year="2017",
   Volume="8",
   Pages="15081",
   Month="may.",
   Note={doi: \href{https://dx.doi.org/10.1038/ncomms15081}{10.1038/ncomms15081}}
}

